<?xml version="1.0" encoding="UTF-8"?><collection xmlns="http://www.loc.gov/MARC21/slim"><record><leader>00420nam--2200157-i-4500</leader><controlfield tag="001">000039076</controlfield><controlfield tag="002">20161230</controlfield><controlfield tag="005">20170111222320</controlfield><controlfield tag="008">060222s1000------------r-----000-0-eng-d</controlfield><datafield ind1=" " ind2=" " tag="100"><subfield code="a">Rider, John</subfield></datafield><datafield ind1=" " ind2=" " tag="245"><subfield code="a">Encyclopedia on cathode-ray oscilloscopes and their uses</subfield></datafield><datafield ind1=" " ind2=" " tag="260"><subfield code="a">New York</subfield><subfield code="b">J.Rider</subfield><subfield code="c">1955</subfield></datafield><datafield ind1=" " ind2=" " tag="300"><subfield code="a">VIII + 998 p. + Fig</subfield></datafield><datafield ind1=" " ind2=" " tag="700"><subfield code="a">Seymour, D. Uslan</subfield></datafield><datafield ind1=" " ind2=" " tag="852"><subfield code="a">12014</subfield></datafield><datafield ind1=" " ind2=" " tag="CAT"><subfield code="a">SYS</subfield><subfield code="c">20170111</subfield><subfield code="h">222320</subfield></datafield></record></collection>